@article{candia2019universal,
  title={The universal decay of collective memory and attention},
  author={Candia, Cristian and Jara-Figueroa, C and Rodriguez-Sickert, Carlos and Barab{\'a}si, Albert-L{\'a}szl{\'o} and Hidalgo, C{\'e}sar A},
  journal={Nature human behaviour},
  volume={3},
  number={1},
  pages={82--91},
  year={2019},
  publisher={Nature Publishing Group UK London}
}


@article{rubin1996one,
  title={One hundred years of forgetting: A quantitative description of retention.},
  author={Rubin, David C and Wenzel, Amy E},
  journal={Psychological review},
  volume={103},
  number={4},
  pages={734},
  year={1996},
  publisher={American Psychological Association}
}

@article{doukas2005european,
  title={European momentum strategies, information diffusion, and investor conservatism},
  author={Doukas, John A and McKnight, Phillip J},
  journal={European Financial Management},
  volume={11},
  number={3},
  pages={313--338},
  year={2005},
  publisher={Wiley Online Library}
}

@article{hong2000bad,
  title={Bad news travels slowly: Size, analyst coverage, and the profitability of momentum strategies},
  author={Hong, Harrison and Lim, Terence and Stein, Jeremy C},
  journal={The Journal of finance},
  volume={55},
  number={1},
  pages={265--295},
  year={2000},
  publisher={Wiley Online Library}
}

@article{coelho2015bad,
  title={Bad news does not always travel fast: evidence from Chapter 11 bankruptcy filings},
  author={Coelho, Lu{\'\i}s Miguel Serra},
  journal={Accounting \& Finance},
  volume={55},
  number={2},
  pages={415--442},
  year={2015},
  publisher={Wiley Online Library}
}

@article{west2021postmortem,
  title={Postmortem memory of public figures in news and social media},
  author={West, Robert and Leskovec, Jure and Potts, Christopher},
  journal={Proceedings of the National Academy of Sciences},
  volume={118},
  number={38},
  pages={e2106152118},
  year={2021},
  publisher={National Acad Sciences}
}

@article{khomtchouk2016pubdata,
  title={PubData: search engine for bioinformatics databases worldwide},
  author={Khomtchouk, Bohdan B and Vand, Kasra A and Wahlestedt, Thor and Khomtchouk, Kelly and Sayed, Mohammed K and Wahlestedt, Claes},
  journal={BioRxiv},
  pages={069575},
  year={2016},
  publisher={Cold Spring Harbor Laboratory}
}

@article{bourne2015nih,
  title={The NIH big data to knowledge (BD2K) initiative},
  author={Bourne, Philip E and Bonazzi, Vivien and Dunn, Michelle and Green, Eric D and Guyer, Mark and Komatsoulis, George and Larkin, Jennie and Russell, Beth},
  journal={Journal of the American Medical Informatics Association},
  volume={22},
  number={6},
  pages={1114--1114},
  year={2015},
  publisher={Oxford University Press}
}

@article{chen2007online,
  title={The Online Bioinformatics Resources Collection at the University of Pittsburgh Health Sciences Library System—a one-stop gateway to online bioinformatics databases and software tools},
  author={Chen, Yi-Bu and Chattopadhyay, Ansuman and Bergen, Phillip and Gadd, Cynthia and Tannery, Nancy},
  journal={Nucleic acids research},
  volume={35},
  number={suppl\_1},
  pages={D780--D785},
  year={2007},
  publisher={Oxford University Press}
}

@article{torre2018datasets2tools,
  title={Datasets2Tools, repository and search engine for bioinformatics datasets, tools and canned analyses},
  author={Torre, Denis and Krawczuk, Patrycja and Jagodnik, Kathleen M and Lachmann, Alexander and Wang, Zichen and Wang, Lily and Kuleshov, Maxim V and Ma’ayan, Avi},
  journal={Scientific data},
  volume={5},
  number={1},
  pages={1--10},
  year={2018},
  publisher={Nature Publishing Group}
}

@article{perrin2017omictools,
  title={OMICtools: a community-driven search engine for biological data analysis},
  author={Perrin, Helene and Denorme, Marion and Grosjean, Julien and Dynomant, Emeric and Henry, Vincent J and Pichon, Fabien and Darmoni, Stefan and Desfeux, Arnaud and Gonzalez, Bruno J and others},
  journal={arXiv preprint arXiv:1707.03659},
  year={2017}
}

@article{celi2019plos,
  title={The PLOS ONE collection on machine learning in health and biomedicine: Towards open code and open data},
  author={Celi, Leo A and Citi, Luca and Ghassemi, Marzyeh and Pollard, Tom J},
  journal={PloS one},
  volume={14},
  number={1},
  pages={e0210232},
  year={2019},
  publisher={Public Library of Science San Francisco, CA USA}
}

@article{imker201825,
  title={25 years of molecular biology databases: a study of proliferation, impact, and maintenance},
  author={Imker, Heidi J},
  journal={Frontiers in Research Metrics and Analytics},
  volume={3},
  pages={18},
  year={2018},
  publisher={Frontiers Media SA}
}

@book{rubin1995memory,
  title={Memory in oral traditions: The cognitive psychology of epic, ballads, and counting-out rhymes},
  author={Rubin, David C},
  year={1995},
  publisher={Oxford University Press, USA}
}

@article{roediger2016recognizing,
  title={Recognizing the presidents: was Alexander Hamilton president?},
  author={Roediger III, Henry L and DeSoto, K Andrew},
  journal={Psychological science},
  volume={27},
  number={5},
  pages={644--650},
  year={2016},
  publisher={Sage Publications Sage CA: Los Angeles, CA}
}

@article{coman2015social,
  title={Social identity and socially shared retrieval-induced forgetting: The effects of group membership.},
  author={Coman, Alin and Hirst, William},
  journal={Journal of Experimental Psychology: General},
  volume={144},
  number={4},
  pages={717},
  year={2015},
  publisher={American Psychological Association}
}

@article{hirst2018collective,
  title={Collective memory from a psychological perspective},
  author={Hirst, William and Yamashiro, Jeremy K and Coman, Alin},
  journal={Trends in cognitive sciences},
  volume={22},
  number={5},
  pages={438--451},
  year={2018},
  publisher={Elsevier}
}

@article{buskell2017cultural,
  title={What are cultural attractors?},
  author={Buskell, Andrew},
  journal={Biology \& Philosophy},
  volume={32},
  number={3},
  pages={377--394},
  year={2017},
  publisher={Springer}
}

@article{henry2014omictools,
  title={OMICtools: an informative directory for multi-omic data analysis},
  author={Henry, Vincent J and Bandrowski, Anita E and Pepin, Anne-Sophie and Gonzalez, Bruno J and Desfeux, Arnaud},
  journal={Database},
  volume={2014},
  year={2014},
  publisher={Oxford Academic}
}

@article{pazos2019characteristics,
  title={Characteristics and evolution of the ecosystem of software tools supporting research in molecular biology},
  author={Pazos, Florencio and Chagoyen, Monica},
  journal={Briefings in bioinformatics},
  volume={20},
  number={4},
  pages={1329--1336},
  year={2019},
  publisher={Oxford University Press}
}

@article{mangul2018comprehensive,
  title={A comprehensive analysis of the usability and archival stability of omics computational tools and resources},
  author={Mangul, Serghei and Mosqueiro, Thiago and Duong, Dat and Mitchell, Keith and Sarwal, Varuni and Hill, Brian and Brito, Jaqueline and Littman, Russell and Statz, Benjamin and Lam, Angela and others},
  journal={bioRxiv},
  pages={452532},
  year={2018},
  publisher={Cold Spring Harbor Laboratory}
}

@article{ison2019bio,
  title={The bio.tools registry of software tools and data resources for the life sciences},
  author={Ison, Jon and Ienasescu, Hans and Chmura, Piotr and Rydza, Emil and M{\'e}nager, Herv{\'e} and Kala{\v{s}}, Mat{\'u}{\v{s}} and Schw{\"a}mmle, Veit and Gr{\"u}ning, Bj{\"o}rn and Beard, Niall and Lopez, Rodrigo and others},
  journal={Genome biology},
  volume={20},
  number={1},
  pages={1--4},
  year={2019},
  publisher={BioMed Central}
}


@article{jara2019medium,
  title={How the medium shapes the message: Printing and the rise of the arts and sciences},
  author={Jara-Figueroa, C and Yu, Amy Z and Hidalgo, C{\'e}sar A},
  journal={PloS one},
  volume={14},
  number={2},
  pages={e0205771},
  year={2019},
  publisher={Public Library of Science San Francisco, CA USA}
}

@article{yu2016pantheon,
  title={Pantheon 1.0, a manually verified dataset of globally famous biographies},
  author={Yu, Amy Zhao and Ronen, Shahar and Hu, Kevin and Lu, Tiffany and Hidalgo, C{\'e}sar A},
  journal={Scientific data},
  volume={3},
  number={1},
  pages={1--16},
  year={2016},
  publisher={Nature Publishing Group}
}

@article{wang2013quantifying,
  title={Quantifying long-term scientific impact},
  author={Wang, Dashun and Song, Chaoming and Barab{\'a}si, Albert-L{\'a}szl{\'o}},
  journal={Science},
  volume={342},
  number={6154},
  pages={127--132},
  year={2013},
  publisher={American Association for the Advancement of Science}
}

@article{higham2017fame,
  title={Fame and obsolescence: Disentangling growth and aging dynamics of patent citations},
  author={Higham, Kyle W and Governale, Michele and Jaffe, Adam B and Z{\"u}licke, Ulrich},
  journal={Physical Review E},
  volume={95},
  number={4},
  pages={042309},
  year={2017},
  publisher={APS}
}

@article{kim2021stretched,
  title={Stretched exponential dynamics in online article views},
  author={Kim, Yeseul and Weon, Byung Mook},
  journal={Frontiers in Physics},
  volume={8},
  pages={619729},
  year={2021},
  publisher={Frontiers Media SA}
}

@article{garcia2016dynamics,
  title={Dynamics and biases of online attention: the case of aircraft crashes},
  author={Garc{\'\i}a-Gavilanes, Ruth and Tsvetkova, Milena and Yasseri, Taha},
  journal={Royal Society open science},
  volume={3},
  number={10},
  pages={160460},
  year={2016},
  publisher={The Royal Society}
}

@article{conway2003active,
  title={Active remembering, selective forgetting, and collective identity: The case of Bloody Sunday},
  author={Conway, Brian},
  journal={Identity: An International Journal of Theory and Research},
  volume={3},
  number={4},
  pages={305--323},
  year={2003},
  publisher={Taylor \& Francis}
}

@article{mena2016forgetting,
  title={On the forgetting of corporate irresponsibility},
  author={Mena, S{\'e}bastien and Rintam{\"a}ki, Jukka and Fleming, Peter and Spicer, Andre},
  journal={Academy of Management Review},
  volume={41},
  number={4},
  pages={720--738},
  year={2016},
  publisher={Academy of Management Briarcliff Manor, NY}
}

@article{tuttle2015volkswagen,
  title={Volkswagen rocked by emissions fraud scandal},
  author={Tuttle, Hilary},
  journal={Risk Management},
  volume={62},
  number={10},
  pages={4--7},
  year={2015},
  publisher={Sabinet Online}
}

@article{crane2013modern,
  title={Modern slavery as a management practice: Exploring the conditions and capabilities for human exploitation},
  author={Crane, Andrew},
  journal={Academy of Management Review},
  volume={38},
  number={1},
  pages={49--69},
  year={2013},
  publisher={Academy of Management Briarcliff Manor, NY}
}

@article{fig2005manufacturing,
  title={Manufacturing amnesia: Corporate social responsibility in South Africa},
  author={Fig, David},
  journal={International Affairs},
  volume={81},
  number={3},
  pages={599--617},
  year={2005},
  publisher={Oxford University Press}
}

@article{goodman2003rebranding,
  title={Rebranding HealthSouth},
  author={Goodman, SC},
  journal={AL. com, April},
  volume={13},
  year={2003}
}

@article{halbwachs1992collective,
  title={On collective memory, trans},
  author={Halbwachs, Maurice},
  journal={FJ and VY Ditter (1950},
  year={1992}
}

@article{assmann1995collective,
  title={Collective memory and cultural identity},
  author={Assmann, Jan and Czaplicka, John},
  journal={New german critique},
  number={65},
  pages={125--133},
  year={1995},
  publisher={JSTOR}
}

@article{lange2012understanding,
  title={Understanding attributions of corporate social irresponsibility},
  author={Lange, Donald and Washburn, Nathan T},
  journal={Academy of management review},
  volume={37},
  number={2},
  pages={300--326},
  year={2012},
  publisher={Academy of Management}
}

@book{fine2012sticky,
  title={Sticky reputations: The politics of collective memory in midcentury America},
  author={Fine, Gary},
  year={2012},
  publisher={Routledge}
}

@article{shrivastava1988understanding,
  title={Understanding industrial crises [1]},
  author={Shrivastava, Paul and Mitroff, Ian I and Miller, Danny and Miclani, Anil},
  journal={Journal of management studies},
  volume={25},
  number={4},
  pages={285--303},
  year={1988},
  publisher={Wiley Online Library}
}

@article{zadek2004civil,
  title={On civil governance},
  author={Zadek, Simon},
  journal={Development},
  volume={47},
  number={3},
  pages={20--28},
  year={2004},
  publisher={Springer}
}

@article{storm2012durability,
  title={On the durability of retrieval-induced forgetting},
  author={Storm, Benjamin C and Bjork, Elizabeth Ligon and Bjork, Robert A},
  journal={Journal of Cognitive Psychology},
  volume={24},
  number={5},
  pages={617--629},
  year={2012},
  publisher={Taylor \& Francis}
}

@article{massey1951kolmogorov,
  title={The Kolmogorov-Smirnov test for goodness of fit},
  author={Massey Jr, Frank J},
  journal={Journal of the American statistical Association},
  volume={46},
  number={253},
  pages={68--78},
  year={1951},
  publisher={Taylor \& Francis}
}

@article{mcdonnell2013keeping,
  title={Keeping up appearances: Reputational threat and impression management after social movement boycotts},
  author={McDonnell, Mary-Hunter and King, Brayden},
  journal={Administrative science quarterly},
  volume={58},
  number={3},
  pages={387--419},
  year={2013},
  publisher={Sage Publications Sage CA: Los Angeles, CA}
}

@article{warren2007corporate,
  title={Corporate scandals and spoiled identities: How organizations shift stigma to employees},
  author={Warren, Danielle E},
  journal={Business Ethics Quarterly},
  volume={17},
  number={3},
  pages={477--496},
  year={2007},
  publisher={Cambridge University Press}
}

@article{anteby2012collective,
  title={Collective memory meets organizational identity: Remembering to forget in a firm's rhetorical history},
  author={Anteby, Michel and Molnar, Virag},
  journal={Academy of Management Journal},
  volume={55},
  number={3},
  pages={515--540},
  year={2012},
  publisher={American Society of Nephrology Briarcliff Manor, NY}
}

@article{easterby2011praise,
  title={In praise of organizational forgetting},
  author={Easterby-Smith, Mark and Lyles, Marjorie A},
  journal={Journal of Management Inquiry},
  volume={20},
  number={3},
  pages={311--316},
  year={2011},
  publisher={Sage Publications Sage CA: Los Angeles, CA}
}

@article{igarashi2022two,
  title={A two-phase model of collective memory decay with a dynamical switching point},
  author={Igarashi, Naoki and Okada, Yukihiko and Sayama, Hiroki and Sano, Yukie},
  journal={Scientific Reports},
  volume={12},
  number={1},
  pages={21484},
  year={2022},
  publisher={Nature Publishing Group UK London}
}

@article{blaschke2006forgotten,
  title={The forgotten function of forgetting: Revisiting exploration and exploitation in organizational learning},
  author={Blaschke, Steffen and Schoeneborn, Dennis},
  journal={Soziale Systeme},
  volume={12},
  number={1},
  pages={100--120},
  year={2006},
  publisher={De Gruyter Oldenbourg}
}

  @article{scott2000stakeholder,
  title={A stakeholder approach to organizational identity},
  author={Scott, Susanne G and Lane, Vicki R},
  journal={Academy of Management review},
  volume={25},
  number={1},
  pages={43--62},
  year={2000},
  publisher={Academy of Management Briarcliff Manor, NY 10510}
}

@article{jones2012end,
  title={The end of corporate social responsibility: Crisis and critique},
  author={Jones, Marc V and Fleming, Peter},
  journal={The End of Corporate Social Responsibility},
  pages={1--144},
  year={2012},
  publisher={SAGE Publications Ltd}
}

@article{lin2013csr,
  title={The CSR bottom line: Preventing corporate social irresponsibility},
  author={Lin-Hi, Nick and M{\"u}ller, Karsten},
  journal={Journal of Business Research},
  volume={66},
  number={10},
  pages={1928--1936},
  year={2013},
  publisher={Elsevier}
}

@article{shrivastava1988understanding,
  title={Understanding industrial crises [1]},
  author={Shrivastava, Paul and Mitroff, Ian I and Miller, Danny and Miclani, Anil},
  journal={Journal of management studies},
  volume={25},
  number={4},
  pages={285--303},
  year={1988},
  publisher={Wiley Online Library}
}

@article{desai2014impact,
  title={The impact of media information on issue salience following other organizations’ failures},
  author={Desai, Vinit M},
  journal={Journal of Management},
  volume={40},
  number={3},
  pages={893--918},
  year={2014},
  publisher={Sage Publications Sage CA: Los Angeles, CA}
}

@book{hansen2014holocaust,
  title={Holocaust memory reframed: Museums and the challenges of representation},
  author={Hansen-Glucklich, Jennifer},
  year={2014},
  publisher={Rutgers University Press}
}

@article{brockmeier2002remembering,
  title={Remembering and forgetting: Narrative as cultural memory},
  author={Brockmeier, Jens},
  journal={Culture \& Psychology},
  volume={8},
  number={1},
  pages={15--43},
  year={2002},
  publisher={Sage Publications London, Thousand Oaks, CA and New Delhi}
}

@article{kligler2014setting,
  title={Setting the collective memory agenda: Examining mainstream media influence on individuals’ perceptions of the past},
  author={Kligler-Vilenchik, Neta and Tsfati, Yariv and Meyers, Oren},
  journal={Memory Studies},
  volume={7},
  number={4},
  pages={484--499},
  year={2014},
  publisher={SAGE Publications Sage UK: London, England}
}

@inproceedings{au2011studying,
  title={Studying how the past is remembered: towards computational history through large scale text mining},
  author={Au Yeung, Ching-man and Jatowt, Adam},
  booktitle={Proceedings of the 20th ACM international conference on Information and knowledge management},
  pages={1231--1240},
  year={2011}
}

@article{garcia2017memory,
  title={The memory remains: Understanding collective memory in the digital age},
  author={Garc{\'\i}a-Gavilanes, Ruth and Mollgaard, Anders and Tsvetkova, Milena and Yasseri, Taha},
  journal={Science advances},
  volume={3},
  number={4},
  pages={e1602368},
  year={2017},
  publisher={American Association for the Advancement of Science}
}

@article{mestyan2013early,
  title={Early prediction of movie box office success based on Wikipedia activity big data},
  author={Mesty{\'a}n, M{\'a}rton and Yasseri, Taha and Kert{\'e}sz, J{\'a}nos},
  journal={PloS one},
  volume={8},
  number={8},
  pages={e71226},
  year={2013},
  publisher={Public Library of Science San Francisco, USA}
}

@article{yasseri2016wikipedia,
  title={Wikipedia traffic data and electoral prediction: towards theoretically informed models},
  author={Yasseri, Taha and Bright, Jonathan},
  journal={EPJ Data Science},
  volume={5},
  pages={1--15},
  year={2016},
  publisher={Springer}
}

@article{bartal2020local,
  title={Local/Global contagion of viral/non-viral information: Analysis of contagion spread in online social networks},
  author={Bartal, Alon and Pliskin, Nava and Tsur, Oren},
  journal={Plos one},
  volume={15},
  number={4},
  pages={e0230811},
  year={2020},
  publisher={Public Library of Science San Francisco, CA USA}
}

@inproceedings{satopaa2011finding,
  title={Finding a" kneedle" in a haystack: Detecting knee points in system behavior},
  author={Satopaa, Ville and Albrecht, Jeannie and Irwin, David and Raghavan, Barath},
  booktitle={2011 31st international conference on distributed computing systems workshops},
  pages={166--171},
  year={2011},
  organization={IEEE}
}

@article{borg2020using,
  title={Using VADER sentiment and SVM for predicting customer response sentiment},
  author={Borg, Anton and Boldt, Martin},
  journal={Expert Systems with Applications},
  volume={162},
  pages={113746},
  year={2020},
  publisher={Elsevier}
}

@article{feller1948kolmogorov,
  title={On the Kolmogorov-Smirnov limit theorems for empirical distributions},
  author={Feller, William},
  journal={The annals of mathematical statistics},
  volume={19},
  number={2},
  pages={177--189},
  year={1948},
  publisher={Institute of Mathematical Statistics}
}

@article{tamir2018media,
  title={Media usage diminishes memory for experiences},
  author={Tamir, Diana I and Templeton, Emma M and Ward, Adrian F and Zaki, Jamil},
  journal={Journal of Experimental Social Psychology},
  volume={76},
  pages={161--168},
  year={2018},
  publisher={Elsevier}
}

@article{dawkins2007systematic,
  title={Systematic share price fluctuations after bankruptcy filings and the investors who drive them},
  author={Dawkins, Mark C and Bhattacharya, Nilabhra and Bamber, Linda Smith},
  journal={Journal of Financial and Quantitative Analysis},
  volume={42},
  number={2},
  pages={399--419},
  year={2007},
  publisher={Cambridge University Press}
}

@article{morse1988investing,
  title={Investing in bankrupt firms},
  author={Morse, Dale and Shaw, Wayne},
  journal={The Journal of Finance},
  volume={43},
  number={5},
  pages={1193--1206},
  year={1988},
  publisher={Wiley Online Library}
}

@article{setiowati2022public,
  title={Public Relation Strategy in Handling Bank Lampung “Bankrupt” Reporting Issues},
  author={Setiowati, Dwi Ayu and Zainal, Anna Gustina and Kartika, Tina and Aryanti, Nina Yudha},
  journal={International Journal of Multidisciplinary Research and Publications (IJMRAP)},
  volume={4},
  number={8},
  year={2022}
}

@article{schacter2022media,
  title={Media, technology, and the sins of memory},
  author={Schacter, Daniel L},
  journal={Memory, mind \& media},
  volume={1},
  year={2022},
  publisher={Cambridge University Press}
}

@article{xing2018intelligent,
  title={Intelligent asset allocation via market sentiment views},
  author={Xing, Frank Z and Cambria, Erik and Welsch, Roy E},
  journal={ieee ComputatioNal iNtelligeNCe magaziNe},
  volume={13},
  number={4},
  pages={25--34},
  year={2018},
  publisher={IEEE}
}

@article{khan2020stock,
  title={Stock market prediction using machine learning classifiers and social media, news},
  author={Khan, Wasiat and Ghazanfar, Mustansar Ali and Azam, Muhammad Awais and Karami, Amin and Alyoubi, Khaled H and Alfakeeh, Ahmed S},
  journal={Journal of Ambient Intelligence and Humanized Computing},
  pages={1--24},
  year={2020},
  publisher={Springer}
}

@article{wang2008cultural,
  title={On the cultural constitution of collective memory},
  author={Qi, Wang},
  journal={Memory},
  volume={16},
  number={3},
  pages={305--317},
  year={2008},
  publisher={Taylor \& Francis}
}

@article{shrikanth2021good,
  title={The good old days and the bad old days: evidence for a valence-based dissociation between personal and public memory},
  author={Shrikanth, Sushmita and Szpunar, Karl K},
  journal={Memory},
  volume={29},
  number={2},
  pages={180--192},
  year={2021},
  publisher={Taylor \& Francis}
}

@article{guo2015investor,
  title={Investor attention and advisor social media interaction},
  author={Guo, Tao and Finke, Michael and Mulholland, Barry},
  journal={Applied Economics Letters},
  volume={22},
  number={4},
  pages={261--265},
  year={2015},
  publisher={Taylor \& Francis}
}

@inproceedings{hutto2014vader,
  title={Vader: A parsimonious rule-based model for sentiment analysis of social media text},
  author={Hutto, Clayton and Gilbert, Eric},
  booktitle={Proceedings of the international AAAI conference on web and social media},
  volume={8},
  number={1},
  pages={216--225},
  year={2014}
}